<record><leader>00000cas a22000007a 4500</leader><controlfield tag="001">18172804</controlfield><controlfield tag="008">880705d18611865pauwr ne      0    0eng d</controlfield><datafield ind1=" " ind2=" " tag="010"><subfield code="a">sn 88079354 </subfield></datafield><datafield ind1=" " ind2=" " tag="040"><subfield code="a">NPH</subfield><subfield code="b">eng</subfield><subfield code="c">NPH</subfield><subfield code="d">OCLCQ</subfield></datafield><datafield ind1=" " ind2=" " tag="042"><subfield code="a">msc</subfield></datafield><datafield ind1="0" ind2="0" tag="245"><subfield code="a">Rural Argus.</subfield></datafield><datafield ind1=" " ind2=" " tag="260"><subfield code="a">West Greenville, Pa. :</subfield><subfield code="b">James C. Brown</subfield></datafield><datafield ind1=" " ind2=" " tag="300"><subfield code="a">v. ;</subfield><subfield code="c">60 cm.</subfield></datafield><datafield ind1=" " ind2=" " tag="310"><subfield code="a">Weekly</subfield></datafield><datafield ind1="1" ind2=" " tag="362"><subfield code="a">Began in 1861? Ceased in 1865?</subfield></datafield><datafield ind1=" " ind2=" " tag="515"><subfield code="a">Issues for &lt;Sept. 9, 1863&gt; called also &lt;whole no. 136&gt;.</subfield></datafield><datafield ind1=" " ind2=" " tag="588"><subfield code="a">Description based on: Vol. 3, no. 36 (Sept. 9, 1863).</subfield></datafield><datafield ind1=" " ind2=" " tag="752"><subfield code="a">United States</subfield><subfield code="b">Pennsylvania</subfield><subfield code="c">Mercer</subfield><subfield code="d">West Greenville.</subfield></datafield><datafield ind1="0" ind2="0" tag="780"><subfield code="t">Shenango Valley times</subfield><subfield code="w">(DLC)sn 83025922</subfield></datafield><datafield ind1="0" ind2="0" tag="785"><subfield code="t">Greenville Argus</subfield><subfield code="w">(DLC)sn 83032086</subfield></datafield></record>